% A % B% C% D % E% F% G% H@article{hoehn1967parkinsonism,	title={Parkinsonism: onset, progressive and mortality},	author={Hoehn, MM and Yahr, MD},	journal={Neurology},	volume={17},	pages={427--42},	year={1967}}% I% J % K% L% M% N% O% P @article{postuma2015mds,  title={MDS clinical diagnostic criteria for Parkinson's disease},  author={Postuma, Ronald B and Berg, Daniela and Stern, Matthew and Poewe, Werner and Olanow, C Warren and Oertel, Wolfgang and Obeso, Jos{\'e} and Marek, Kenneth and Litvan, Irene and Lang, Anthony E and others},  journal={Movement disorders},  volume={30},  number={12},  pages={1591--1601},  year={2015},  publisher={Wiley Online Library}}% Q% R% S% T% U% V% W% X% Y% Z